<?xml version="1.0" encoding="UTF-8"?><collection xmlns="http://www.loc.gov/MARC21/slim"><record><leader>00458nam--2200181-i-4500</leader><controlfield tag="001">000043708</controlfield><controlfield tag="002">20161230</controlfield><controlfield tag="005">20161230201044</controlfield><controlfield tag="008">060222s1000------------r-----000-0-eng-d</controlfield><datafield ind1=" " ind2=" " tag="040"><subfield code="a">IFIN-HH</subfield></datafield><datafield ind1=" " ind2=" " tag="080"><subfield code="a">531</subfield></datafield><datafield ind1="1" ind2=" " tag="100"><subfield code="a">Targ,S</subfield></datafield><datafield ind1="1" ind2="0" tag="245"><subfield code="a">Theoretical mechanics</subfield><subfield code="b">A short course</subfield><subfield code="c">S. Targ</subfield></datafield><datafield ind1=" " ind2=" " tag="260"><subfield code="a">Moscow, Mir Publ.,1976</subfield></datafield><datafield ind1=" " ind2=" " tag="300"><subfield code="a">525 P</subfield></datafield><datafield ind1=" " ind2=" " tag="500"><subfield code="a">Kratkii kurs. Teoreticeskoi menaniki</subfield></datafield><datafield ind1=" " ind2=" " tag="852"><subfield code="a">44296</subfield><subfield code="c">531</subfield></datafield><datafield ind1=" " ind2=" " tag="CAT"><subfield code="a">Sys</subfield><subfield code="c">20100628</subfield><subfield code="h">132642</subfield></datafield></record></collection>